% Bib data

% Set theory
@article{TarasBanakh:ClassicalSetTheory,
    shorthand       = {Ban06},
    author          = {Taras Banakh},
    title           = {Classical set theory: Theory of sets and classes},
    archiveprefix   = {arXiv},
    primaryclass    = {math.LO},
    eprint          = {2006.01613},
    url             = {https://arxiv.org/abs/2006.01613},
    year            = {2023},
    journal         = {arXiv preprint},
}
@book{ThomasJech:SetTheory,
    shorthand      = {Jec02},
    author         = {Thomas Jech},
    title          = {Set Theory},
    series         = {Springer Monographs in Mathematics},
    publisher      = {Springer-Verlag},
    year           = {2003},
    address        = {Berlin},
    pages          = {xiv + 769},
    ISBN           = {3-540-44085-2},
    MRCLASS        = {03Exx (03-01 03-02)},
    MRNUMBER       = {1940513 (2004g:03071)},
    MRREVIEWER     = {Eva Coplakova},
}

% Basic Algebra
@book{李文威:代数学方法卷一,
    shorthand      = {wwli19},
    author         = {李文威},
    publisher      = {高等教育出版社},
    title          = {代数学方法 (第一卷)},
    year           = {2019},
    ISBN           = {978-7-04-050725-6},
    address        = {北京},
    series         = {现代数学基础丛书},
    volume         = {67.1},
}

% Stacks project
@misc{stacks-project,
    shorthand    = {Stacks},
    author       = {The {Stacks Project Authors}},
    title        = {\textit{Stacks Project}},
    howpublished = {\url{https://stacks.math.columbia.edu}},
    year         = {2018},
}